% article{smith2023,
%  author = {Smith, John},
%  title = {A Comprehensive Study on Artificial Intelligence},
%  journal = {Journal of Computer Science},
%  year = {2023},
%  volume = {45},
%  number = {3},
%  pages = {201-215},
%}

@book{atkins2010,
  author = "Atkins, Peter and Friedman, Ronald",
  title = {Molecular Quantum Mechanics },
  publisher = {Oxford University Press},
  year = {2010},
  address = {Oxford},
  edition = {5th},
  isbn = {978-0199541423},
}

@book{plus2011,
  author = {Плюснин, ВФ},
  title = {Курс "Cтроение вещества". Сборник задач с решениями },
  publisher = {Издательство НГУ},
  year = {2011},
  address = {Новосибирск},
  edition = {},
  isbn = {5-230-13579-4},
}

@book{stas2008,
  author = "Стась, ДВ and Плюснин, ВФ",
  title = {Квантовая механика молекул. Часть 1. Атом},
  publisher = {Издательство НГУ},
  year = {2008},
  address = {Новосибирск},
  edition = {},
  isbn = {978-5-94356-719-3},
}

@book{stas2013,
  author = "Стась, ДВ and Плюснин, ВФ",
  title = {Квантовая механика молекул. Часть 2. Простые молекулярные системы},
  publisher = {Издательство НГУ},
  year = {2013},
  address = {Новосибирск},
  edition = {},
  isbn = {978-5-4437-0125-7},
}

@book{baz1979,
  author = "Бажин, НМ and Войтюк, АА",
  title = {Задачи по строению вещества},
  publisher = {Издательство НГУ},
  year = {1979},
  address = {Новосибирск},
  edition = {},
  isbn = {978-5-4437-0125-7},
}

